
@article{simpson2019,
	title = {Mapping the global distribution of Buruli ulcer: a systematic review with evidence consensus},
	author = {Simpson, Hope and Deribe, Kebede and Tabah, Earnest Njih and Peters, Adebayo and Maman, Issaka and Frimpong, Michael and Ampadu, Edwin and Phillips, Richard and Saunderson, Paul and Pullan, Rachel L and Cano, Jorge},
	year = {2019},
	month = {07},
	date = {2019-07},
	journal = {The Lancet Global Health},
	pages = {e912--e922},
	volume = {7},
	number = {7},
	doi = {10.1016/s2214-109x(19)30171-8},
	url = {http://dx.doi.org/10.1016/S2214-109X(19)30171-8},
	langid = {en}
}

@article{cromwell2020,
	title = {The global distribution of lymphatic filariasis, 2000{\textendash}18: a geospatial analysis},
	author = {Cromwell, Elizabeth A and Schmidt, Chris A and Kwong, Kevin T and Pigott, David M and Mupfasoni, Denise and Biswas, Gautam and Shirude, Shreya and Hill, Elex and Donkers, Katie M and Abdoli, Amir and Abrigo, Michael R M and Adekanmbi, Victor and Adetokunboh Sr., Olatunji O and Adinarayanan, Srividya and Ahmadpour, Ehsan and Ahmed, Muktar Beshir and Akalu, Temesgen Yihunie and Alanezi, Fahad Mashhour and Alanzi, Turki M and Alinia, Cyrus and Alipour, Vahid and Amit Sr., Arianna Maever L and Anber, Nahla Hamed and Ancuceanu, Robert and Andualem, Zewudu and Anjomshoa, Mina and Ansari, Fereshteh and Antonio, Carl Abelardo T and Anvari, Davood and Appiah, Seth Christopher Yaw and Arabloo, Jalal and Arnold, Benjamin F and Ausloos, Marcel and Ayanore Sr., Martin Amogre and Badirzadeh, Alireza and Baig Jr., Atif Amin and Banach Sr., Maciej and Baraki Sr., Adhanom Gebreegziabher and {Bärnighausen}, Till Winfried and Bayati, Mohsen and Bhattacharyya Sr., Krittika and Bhutta, Zulfiqar A and Bijani, Ali and Bisanzio, Donal and Bockarie, Moses John and Bohlouli, Somayeh and Bohluli, Mehdi and Butt, Zahid A and Cano, Jorge and Carvalho, Felix and Chattu, Vijay Kumar and Chavshin, Ali Reza and Cormier, Natalie Maria and Damiani, Giovanni and Dandona, Lalit and Dandona, Rakhi and Darwesh, Aso Mohammad and Daryani, Ahmad and Dash, Aditya Prasad and Deribe, Kebede and Deshpande, Aniruddha and Dessu, Blen Kassahun and Dhimal, Meghnath and Dianatinasab, Mostafa and Diaz, Daniel and Do, Hoa Thi and Earl, Lucas and El Tantawi, Maha and Faraj, Anwar and Fattahi, Nazir and Fernandes, Eduarda and Fischer, Florian and Foigt, Nataliya A and Foroutan, Masoud and Guo, Yuming and Hailu, Gessessew Bugssa and Hasaballah, Ahmed I and Hassankhani, Hadi and Herteliu, Claudiu and Hidru, Hagos Degefa de and Hole, Michael K and Hon, Julia and Hossain, Naznin and Hosseinzadeh, Mehdi and Househ, Mowafa and Humayun, Ayesha and Ilesanmi, Olayinka Stephen and Ilic, Irena M and Ilic, Milena D and Iqbal, Usman and Irvani, Seyed Sina Naghibi and Islam, M Mofizul and Jha, Ravi Prakash and Ji, John S and Johnson, Kimberly B and Jozwiak, Jacek Jerzy and Kabir, Ali and Kalankesh, Leila R and Kalhor, Rohollah and Karami Matin, Behzad and Karch, {André} and Karimi, Salah Eddin and Kasaeian, Amir and Kayode, Gbenga A and Kazemi Karyani, Ali and Kelbore, Abraham Getachew and Khafaie, Morteza Abdullatif and Khalilov, Rovshan and Khan, Junaid and Khatab, Khaled and Khater, Mona M and Khodayari, Mohammad Taghi and Kianipour, Neda and Kim, Yun Jin and Kinyoki, Damaris K and Kumar, G Anil and Kusuma, Dian and La Vecchia, Carlo and Lansingh, Van Charles and Lee, Paul H and LeGrand, Kate E and Levine, Aubrey J and Li, Shanshan and Maleki, Shokofeh and Mansournia, Mohammad Ali and Martins-Melo, {Francisco Rogerlândio} and Massenburg, Benjamin Ballard and Mayala, Benjamin K and Meitei, Wahengbam Bigyananda and Mendoza, Walter and Mengistu, Desalegn Tadese and Mereta, Seid Tiku and Mestrovic, Tomislav and Mihretie, Kebadnew Mulatu and Miller-Petrie, Molly K and Mohammadian-Hafshejani, Abdollah and Mohammed, Shafiu and Mokdad, Ali H and Moradi, Masoud and Moradzadeh, Rahmatollah and Moraga, Paula and Morrison, Shane Douglas and Mosser, Jonathan F and Mousavi, Seyyed Meysam and Munro, Sandra B and Muthupandian, Saravanan and mwingira, Upendo J and Naderi, Mehdi and Nagarajan, Ahamarshan Jayaraman and Naik, Gurudatta and Negoi, Ionut and Nguyen, Trang Huyen and Nguyen, Huong Lan Thi and Olagunju, Andrew T and Omar Bali, Ahmed and Osarenotor, Osayomwanbo and Osei, Frank B and Pasupula, Deepak Kumar and Pirsaheb, Meghdad and Pourjafar, Hadi and Rathi, Priya and Rawaf, David Laith and Rawaf, Salman and Rawassizadeh, Reza and Reiner Jr, Robert C and Reta, Melese Abate and Rezapour, Aziz and Ribeiro, Ana Isabel and Rostami, Ali and Sabesan, Shanmugavelu and Sadeghi, Ehsan and Sajadi, S Mohammad and Samy, Abdallah M and Sartorius, Benn and Schaeffer, Lauren E and Shaikh, Masood Ali and Sharafi, Kiomars and Sharafi, Zeinab and Sharifi, Hamid and Shibuya, Kenji and Shin, Jae Il and Soheili, Amin and Soltani, Shahin and Spotin, Adel and Stolk, Wilma A and Tesfay, Berhe Etsay and ThekkePurakkal, Akhil Soman and Topor-Madry, Roman and Tran, Khanh Bao and Tran, Bach Xuan and Ullah, Irfan and Unnikrishnan, Bhaskaran and Vasseghian, Yasser and Vinkeles Melchers, Natalie V S and Violante, Francesco S and Yamada, Tomohide and Yaya, Sanni and Yazdi-Feyzabadi, Vahid and Yip, Paul and Yonemoto, Naohiro and Zaki, Leila and Zaman, Sojib Bin and Zamanian, Maryam and Zangeneh, Alireza and Zhang, Zhi-Jiang and Zhang, Yunquan and Ziapour, Arash and King, Jonathan D and Hay, Simon I},
	year = {2020},
	month = {09},
	date = {2020-09},
	journal = {The Lancet Global Health},
	pages = {e1186--e1194},
	volume = {8},
	number = {9},
	doi = {10.1016/s2214-109x(20)30286-2},
	url = {http://dx.doi.org/10.1016/S2214-109X(20)30286-2},
	langid = {en}
}

@techreport{who_global_2016,
	title = {Global leprosy update, 2016: accelerating reduction of disease burden},
	shorttitle = {Global leprosy update, 2016},
	url = {https://www.who.int/publications-detail-redirect/who-wer9235},
	language = {en},
	number = {92},
	urldate = {2022-07-16},
	author = {{WHO}},
	year = {2016},
	pages = {501--519}
}
@article{mitjà2015,
	title = {Global epidemiology of yaws: a systematic review},
	author = {{Mitjà}, Oriol and Marks, Michael and Konan, Diby J P and Ayelo, Gilbert and Gonzalez-Beiras, Camila and Boua, Bernard and Houinei, Wendy and Kobara, Yiragnima and Tabah, Earnest N and Nsiire, Agana and Obvala, Damas and Taleo, Fasiah and Djupuri, Rita and Zaixing, Zhang and Utzinger, {Jürg} and Vestergaard, Lasse S and Bassat, Quique and Asiedu, Kingsley},
	year = {2015},
	month = {06},
	date = {2015-06},
	journal = {The Lancet Global Health},
	pages = {e324--e331},
	volume = {3},
	number = {6},
	doi = {10.1016/s2214-109x(15)00011-x},
	url = {http://dx.doi.org/10.1016/S2214-109X(15)00011-X},
	langid = {en}
}
